@Book{Xie2015,
  title = {Dynamic Documents with {R} and knitr},
  author = {Yihui Xie},
  publisher = {Chapman and Hall/CRC},
  address = {Boca Raton, Florida},
  year = {2015},
  edition = {2nd},
  note = {ISBN 978-1498716963},
  url = {http://yihui.name/knitr/},
}

@Book{BaliEngleMurray2016,
  title = {Empirical Asset Pricing: The Cross Section of Stock Returns},
  author = {Bali, Turan G. and Engle, Robert F. and Murray, Scott},
  publisher = {John Wiley & Sons, Inc.},
  address = {Hoboken, New Jersey},
  year = {2016},
  edition = {1st},
  note = {ISBN 978-1-118-09504-1},
  url = {https://www.wiley.com/en-no/Empirical+Asset+Pricing%3A+The+Cross+Section+of+Stock+Returns-p-9781118095041},
}

@article{Goyal2008,
author = {Welch, Ivo and Goyal, Amit},
journal = {Review of Financial Studies},
number = {4},
title = {{A Comprehensive Look at The Empirical Performance of Equity Premium Prediction}},
volume = {21},
year = {2008}
}

@article{Brandt2009,
 author = {Michael W. Brandt and Pedro Santa-Clara and Rossen Valkanov},
 journal = {The Review of Financial Studies},
 number = {9},
 pages = {3411--3447},
 title = {Parametric Portfolio Policies: Exploiting Characteristics in the Cross-Section of Equity Returns},
 volume = {22},
 year = {2009}
}

@article{Black1976,
 ISSN = {00223808, 1537534X},
 author = {Fischer Black and Myron Scholes},
 journal = {Journal of Political Economy},
 number = {3},
 pages = {637--654},
 publisher = {University of Chicago Press},
 title = {The Pricing of Options and Corporate Liabilities},
 volume = {81},
 year = {1973}
}

@book{Cochrane2005,
  title={Asset pricing: Revised edition},
  author={Cochrane, John H},
  year={2009},
  publisher={Princeton university press}
}

@article{Cochrane2011,
author = {Cochrane, John H.},
title = {Presidential Address: Discount Rates},
journal = {The Journal of Finance},
volume = {66},
number = {4},
pages = {1047-1108},
year = {2011}
}

@article{Frazzini2014,
title = {Betting against beta},
journal = {Journal of Financial Economics},
volume = {111},
number = {1},
pages = {1-25},
year = {2014},
author = {Andrea Frazzini and Lasse Heje Pedersen}}

@book{Hastie2009,
  author = {Hastie, Trevor and Tibshirani, Robert and Friedman, Jerome},
  biburl = {https://www.bibsonomy.org/bibtex/200d858c0bd2826d4eb5f39450192d1f5/ukoethe},
  edition = 2,
  publisher = {Springer},
  title = {The elements of statistical learning: data mining, inference and prediction},
  url = {http://www-stat.stanford.edu/~tibs/ElemStatLearn/},
  year = 2009
}

@article{Harvey2016,
  title={… and the cross-section of expected returns},
  author={Harvey, Campbell R and Liu, Yan and Zhu, Heqing},
  journal={The Review of Financial Studies},
  volume={29},
  number={1},
  pages={5--68},
  year={2016},
}

@article{Harvey2017,
  title={Presidential address: The scientific outlook in financial economics},
  author={Harvey, Campbell R},
  journal={The Journal of Finance},
  volume={72},
  number={4},
  pages={1399--1440},
  year={2017},
}

@article{Hautsch2019,
title = {Large-scale portfolio allocation under transaction costs and model uncertainty},
journal = {Journal of Econometrics},
volume = {212},
number = {1},
pages = {221-240},
year = {2019},
author = {Nikolaus Hautsch and Stefan Voigt}
}

@article{Hoerl1970,
 author = {Arthur E. Hoerl and Robert W. Kennard},
 journal = {Technometrics},
 number = {1},
 pages = {69--82},
 title = {Ridge Regression: Applications to Nonorthogonal Problems},
 volume = {12},
 year = {1970}
}

@article{Hornik1991,
title = {Approximation capabilities of multilayer feedforward networks},
journal = {Neural Networks},
volume = {4},
number = {2},
pages = {251-257},
year = {1991},
author = {Kurt Hornik},
}

@article{Hou2015,
    author = {Hou, Kewei and Xue, Chen and Zhang, Lu},
    title = "{Digesting Anomalies: An Investment Approach}",
    journal = {The Review of Financial Studies},
    volume = {28},
    number = {3},
    pages = {650-705},
    year = {2014},
}

@article{Menkveld2022,
  title={Non-standard errors},
  author={Menkveld, Albert J and Dreber, Anna and Holzmeister, Felix and Huber, Juergen and Johannesson, Magnus and Kirchler, Michael and Neus{\"u}ss, Sebastian and Razen, Michael and Weitzel, Utz},
  year={2021},
  publisher={Tinbergen Institute Discussion Paper 2021-102/IV}
}

@article{Tibshirani1996,
 ISSN = {00359246},
 URL = {http://www.jstor.org/stable/2346178},
 author = {Robert Tibshirani},
 journal = {Journal of the Royal Statistical Society. Series B (Methodological)},
 number = {1},
 pages = {267--288},
 publisher = {[Royal Statistical Society, Wiley]},
 title = {Regression Shrinkage and Selection via the Lasso},
 volume = {58},
 year = {1996}
}

@article{Wickham2014,
  title={Tidy data},
  author={Wickham, Hadley},
  journal={Journal of Statistical Software},
  volume={59},
  number={1},
  pages={1--23},
  year={2014}
}

@article{Wickham2019,
  year = {2019},
  publisher = {The Open Journal},
  volume = {4},
  number = {43},
  pages = {1686},
  author = {Hadley Wickham and Mara Averick and Jennifer Bryan and Winston Chang and Lucy D'Agostino McGowan and Romain François and Garrett Grolemund and Alex Hayes and Lionel Henry and Jim Hester and Max Kuhn and Thomas Lin Pedersen and Evan Miller and Stephan Milton Bache and Kirill Müller and Jeroen Ooms and David Robinson and Dana Paige Seidel and Vitalie Spinu and Kohske Takahashi and Davis Vaughan and Claus Wilke and Kara Woo and Hiroaki Yutani},
  title = {Welcome to the Tidyverse},
  journal = {Journal of Open Source Software}
}

@article{Zou2005,
 author = {Hui Zou and Trevor Hastie},
 journal = {Journal of the Royal Statistical Society. Series B (Statistical Methodology)},
 number = {2},
 pages = {301--320},
 title = {Regularization and Variable Selection via the Elastic Net},
 volume = {67},
 year = {2005}
}

@article{Fama1992,
author = {Fama, Eugene F. and French, Kenneth R.},
title = {The Cross-Section of Expected Stock Returns},
journal = {The Journal of Finance},
volume = {47},
number = {2},
pages = {427-465},
year = {1992}
}

@article{Fama1993,
title = {Common risk factors in the returns on stocks and bonds},
journal = {Journal of Financial Economics},
volume = {33},
number = {1},
pages = {3-56},
year = {1993},
issn = {0304-405X},
author = {Eugene F. Fama and Kenneth R. French},
}

@article{Newey1987,
  title={Hypothesis testing with efficient method of moments estimation},
  author={Newey, Whitney K and West, Kenneth D},
  journal={International Economic Review},
  pages={777--787},
  year={1987}
}
