@Manual{R-base,
  title = {R: A Language and Environment for Statistical Computing},
  author = {{R Core Team}},
  organization = {R Foundation for Statistical Computing},
  address = {Vienna, Austria},
  year = {2021},
  url = {https://www.R-project.org/},
}

@Manual{R-bookdown,
  title = {bookdown: Authoring Books and Technical Documents with R Markdown},
  author = {Yihui Xie},
  note = {https://github.com/rstudio/bookdown, https://pkgs.rstudio.com/bookdown/},
  year = {2021},
}

@Manual{R-knitr,
  title = {knitr: A General-Purpose Package for Dynamic Report Generation in R},
  author = {Yihui Xie},
  note = {R package version 1.33.7},
  url = {https://yihui.org/knitr/},
  year = {2021},
}

@Manual{R-rmarkdown,
  title = {rmarkdown: Dynamic Documents for R},
  author = {JJ Allaire and Yihui Xie and Jonathan McPherson and Javier Luraschi and Kevin Ushey and Aron Atkins and Hadley Wickham and Joe Cheng and Winston Chang and Richard Iannone},
  year = {2021},
  note = {R package version 2.10},
  url = {https://CRAN.R-project.org/package=rmarkdown},
}

@Book{bookdown2016,
  title = {bookdown: Authoring Books and Technical Documents with {R} Markdown},
  author = {Yihui Xie},
  publisher = {Chapman and Hall/CRC},
  address = {Boca Raton, Florida},
  year = {2016},
  note = {ISBN 978-1138700109},
  url = {https://bookdown.org/yihui/bookdown},
}

@Article{tidyverse,
    title = {Welcome to the {tidyverse}},
    author = {Hadley Wickham and Mara Averick and Jennifer Bryan and Winston Chang and Lucy D'Agostino McGowan and Romain François and Garrett Grolemund and Alex Hayes and Lionel Henry and Jim Hester and Max Kuhn and Thomas Lin Pedersen and Evan Miller and Stephan Milton Bache and Kirill Müller and Jeroen Ooms and David Robinson and Dana Paige Seidel and Vitalie Spinu and Kohske Takahashi and Davis Vaughan and Claus Wilke and Kara Woo and Hiroaki Yutani},
    year = {2019},
    journal = {Journal of Open Source Software},
    volume = {4},
    number = {43},
    pages = {1686},
    doi = {10.21105/joss.01686},
  }

@Manual{alabama,
    title = {alabama: Constrained Nonlinear Optimization},
    author = {Ravi Varadhan},
    year = {2022},
    note = {R package version 2022.4-1},
    url = {https://CRAN.R-project.org/package=alabama},
  }

@Manual{broom,
    title = {broom: Convert Statistical Objects into Tidy Tibbles},
    author = {David Robinson and Alex Hayes and Simon Couch},
    year = {2022},
    note = {R package version 1.0.0},
    url = {https://CRAN.R-project.org/package=broom},
  }

@Manual{dbplyr,
    title = {dbplyr: A 'dplyr' Back End for Databases},
    author = {Hadley Wickham and Maximilian Girlich and Edgar Ruiz},
    year = {2022},
    note = {R package version 2.2.1},
    url = {https://CRAN.R-project.org/package=dbplyr},
  }

  @Manual{dplyr,
    title = {dplyr: A Grammar of Data Manipulation},
    author = {Hadley Wickham and Romain François and Lionel Henry and Kirill Müller},
    year = {2022},
    note = {R package version 1.0.9},
    url = {https://CRAN.R-project.org/package=dplyr},
  }

  @Manual{forcats,
    title = {forcats: Tools for Working with Categorical Variables (Factors)},
    author = {Hadley Wickham},
    year = {2021},
    note = {R package version 0.5.1},
    url = {https://CRAN.R-project.org/package=forcats},
  }

  @Manual{frenchdata,
    title = {frenchdata: Download Data Sets from Kenneth's French Finance Data Library
Site},
    author = {Nelson Areal},
    year = {2021},
    note = {R package version 0.2.0},
    url = {https://CRAN.R-project.org/package=frenchdata},
  }

  @Manual{furrr,
    title = {furrr: Apply Mapping Functions in Parallel using Futures},
    author = {Davis Vaughan and Matt Dancho},
    year = {2022},
    note = {R package version 0.3.0},
    url = {https://CRAN.R-project.org/package=furrr},
  }

  @Book{ggplot2,
    author = {Hadley Wickham},
    title = {ggplot2: Elegant Graphics for Data Analysis},
    publisher = {Springer-Verlag New York},
    year = {2016},
    isbn = {978-3-319-24277-4},
    url = {https://ggplot2.tidyverse.org},
  }

  @Article{glmnet,
    title = {Regularization Paths for Cox's Proportional Hazards Model via Coordinate Descent},
    author = {Noah Simon and Jerome Friedman and Trevor Hastie and Rob Tibshirani},
    journal = {Journal of Statistical Software},
    year = {2011},
    volume = {39},
    number = {5},
    pages = {1--13},
    url = {https://www.jstatsoft.org/v39/i05/},
    doi = {10.18637/jss.v039.i05},
  }

  @Manual{googledrive,
    title = {googledrive: An Interface to Google Drive},
    author = {Lucy {D'Agostino McGowan} and Jennifer Bryan},
    year = {2021},
    note = {R package version 2.0.0},
    url = {https://CRAN.R-project.org/package=googledrive},
  }

  @Manual{hardhat,
    title = {hardhat: Construct Modeling Packages},
    author = {Davis Vaughan and Max Kuhn},
    year = {2022},
    note = {R package version 1.2.0},
    url = {https://CRAN.R-project.org/package=hardhat},
  }

  @Article{jsonlite,
    title = {The jsonlite Package: A Practical and Consistent Mapping Between JSON Data and R Objects},
    author = {Jeroen Ooms},
    journal = {arXiv:1403.2805 [stat.CO]},
    year = {2014},
    url = {https://arxiv.org/abs/1403.2805},
  }

  @Manual{kableExtra,
    title = {kableExtra: Construct Complex Table with 'kable' and Pipe Syntax},
    author = {Hao Zhu},
    year = {2021},
    note = {R package version 1.3.4},
    url = {https://CRAN.R-project.org/package=kableExtra},
  }

  @Manual{keras,
    title = {keras: R Interface to 'Keras'},
    author = {JJ Allaire and François Chollet},
    year = {2022},
    note = {R package version 2.9.0},
    url = {https://CRAN.R-project.org/package=keras},
  }

  @Article{lmtest,
    title = {Diagnostic Checking in Regression Relationships},
    author = {Achim Zeileis and Torsten Hothorn},
    journal = {R News},
    year = {2002},
    volume = {2},
    number = {3},
    pages = {7--10},
    url = {https://CRAN.R-project.org/doc/Rnews/},
  }

  @Article{lubridate,
    title = {Dates and Times Made Easy with {lubridate}},
    author = {Garrett Grolemund and Hadley Wickham},
    journal = {Journal of Statistical Software},
    year = {2011},
    volume = {40},
    number = {3},
    pages = {1--25},
    url = {https://www.jstatsoft.org/v40/i03/},
  }
@Manual{fredr,
    title = {fredr: An R Client for the 'FRED' API},
    author = {Sam Boysel and Davis Vaughan},
    year = {2021},
    note = {R package version 2.1.0},
    url = {https://CRAN.R-project.org/package=fredr},
}
  @Manual{purrr,
    title = {purrr: Functional Programming Tools},
    author = {Lionel Henry and Hadley Wickham},
    year = {2020},
    note = {R package version 0.3.4},
    url = {https://CRAN.R-project.org/package=purrr},
  }

@Manual{quadprog,
    title = {quadprog: Functions to Solve Quadratic Programming Problems},
    author = {S original by Berwin A. Turlach R port by Andreas Weingessel <Andreas.Weingessel@ci.tuwien.ac.at> Fortran contributions from Cleve Moler dpodi/LINPACK)},
    year = {2019},
    note = {R package version 1.5-8},
    url = {https://CRAN.R-project.org/package=quadprog},
  }

  @Article{ranger,
    title = {{ranger}: A Fast Implementation of Random Forests for High Dimensional Data in {C++} and {R}},
    author = {Marvin N. Wright and Andreas Ziegler},
    journal = {Journal of Statistical Software},
    year = {2017},
    volume = {77},
    number = {1},
    pages = {1--17},
    doi = {10.18637/jss.v077.i01},
  }
  @Manual{rsample,
    title = {rsample: General Resampling Infrastructure},
    author = {Julia Silge and Fanny Chow and Max Kuhn and Hadley Wickham},
    year = {2022},
    note = {R package version 1.0.0},
    url = {https://CRAN.R-project.org/package=rsample},
  }

  @Manual{readr,
    title = {readr: Read Rectangular Text Data},
    author = {Hadley Wickham and Jim Hester and Jennifer Bryan},
    year = {2022},
    note = {R package version 2.1.2},
    url = {https://CRAN.R-project.org/package=readr},
  }

  @Manual{readxl,
    title = {readxl: Read Excel Files},
    author = {Hadley Wickham and Jennifer Bryan},
    year = {2022},
    note = {R package version 1.4.0},
    url = {https://CRAN.R-project.org/package=readxl},
  }

  @Manual{renv,
    title = {renv: Project Environments},
    author = {Kevin Ushey},
    year = {2022},
    note = {R package version 0.15.5},
    url = {https://CRAN.R-project.org/package=renv},
  }

  @Manual{rlang,
    title = {rlang: Functions for Base Types and Core R and 'Tidyverse' Features},
    author = {Lionel Henry and Hadley Wickham},
    year = {2022},
    note = {R package version 1.0.3},
    url = {https://CRAN.R-project.org/package=rlang},
  }

  @Manual{RPostgres,
    title = {RPostgres: Rcpp Interface to PostgreSQL},
    author = {Hadley Wickham and Jeroen Ooms and Kirill Müller},
    year = {2022},
    note = {R package version 1.4.4},
    url = {https://CRAN.R-project.org/package=RPostgres},
  }

  @Manual{RSQLite,
    title = {RSQLite: SQLite Interface for R},
    author = {Kirill Müller and Hadley Wickham and David A. James and Seth Falcon},
    year = {2022},
    note = {R package version 2.2.14},
    url = {https://CRAN.R-project.org/package=RSQLite},
  }

  @Article{sandwich,
    title = {Object-Oriented Computation of Sandwich Estimators},
    author = {Achim Zeileis},
    journal = {Journal of Statistical Software},
    year = {2006},
    volume = {16},
    number = {9},
    pages = {1--16},
    doi = {10.18637/jss.v016.i09},
  }

  @Manual{scales,
    title = {scales: Scale Functions for Visualization},
    author = {Hadley Wickham and Dana Seidel},
    year = {2022},
    note = {R package version 1.2.0},
    url = {https://CRAN.R-project.org/package=scales},
  }

  @Manual{slider,
    title = {slider: Sliding Window Functions},
    author = {Davis Vaughan},
    year = {2021},
    note = {R package version 0.2.2},
    url = {https://CRAN.R-project.org/package=slider},
  }

  @Manual{stringr,
    title = {stringr: Simple, Consistent Wrappers for Common String Operations},
    author = {Hadley Wickham},
    year = {2019},
    note = {R package version 1.4.0},
    url = {https://CRAN.R-project.org/package=stringr},
  }

  @Manual{tibble,
    title = {tibble: Simple Data Frames},
    author = {Kirill Müller and Hadley Wickham},
    year = {2022},
    note = {R package version 3.1.7},
    url = {https://CRAN.R-project.org/package=tibble},
  }

  @Manual{tidymodels,
    title = {Tidymodels: a collection of packages for modeling and machine learning using tidyverse principles.},
    author = {Max Kuhn and Hadley Wickham},
    url = {https://www.tidymodels.org},
    year = {2020},
  }

  @Manual{tidyquant,
    title = {tidyquant: Tidy Quantitative Financial Analysis},
    author = {Matt Dancho and Davis Vaughan},
    year = {2022},
    note = {R package version 1.0.4},
    url = {https://CRAN.R-project.org/package=tidyquant},
  }

  @Manual{tidyr,
    title = {tidyr: Tidy Messy Data},
    author = {Hadley Wickham and Maximilian Girlich},
    year = {2022},
    note = {R package version 1.2.0},
    url = {https://CRAN.R-project.org/package=tidyr},
  }

  @Manual{timetk,
    title = {timetk: A Tool Kit for Working with Time Series in R},
    author = {Matt Dancho and Davis Vaughan},
    year = {2022},
    note = {R package version 2.8.1},
    url = {https://CRAN.R-project.org/package=timetk},
  }

  @Manual{wesanderson,
    title = {wesanderson: A Wes Anderson Palette Generator},
    author = {Karthik Ram and Hadley Wickham},
    year = {2018},
    note = {R package version 0.3.6},
    url = {https://CRAN.R-project.org/package=wesanderson},
  }
