@inproceedings{BreeseEtAl1998,
    author = {Breese, John S. and Heckerman, David and Kadie, Carl},
    title = {{Empirical Analysis of Predictive Algorithms for Collaborative Filtering}},
    year = {1998},
    isbn = {155860555X},
    publisher = {Morgan Kaufmann Publishers Inc.},
    booktitle = {Proceedings of the Fourteenth Conference on Uncertainty in Artificial Intelligence},
    pages = {43â€“52},
    numpages = {10},
    location = {Madison, Wisconsin},
    series = {UAI'98}
}
@manual{recommenderlab,
    title      = {{recommenderlab: Lab for Developing and Testing Recommender Algorithms}},
    author     = {Michael Hahsler},
    year       = {2023},
    note       = {R package version 1.0.3},
    url        = {https://CRAN.R-project.org/package=recommenderlab},
}